<?xml version="1.0" encoding="UTF-8"?>
<record xmlns="http://www.loc.gov/MARC21/slim">
   <leader>03196cam a2200757 a 4500</leader>
   <controlfield tag="001">1722180</controlfield>
   <controlfield tag="003">CaOONL</controlfield>
   <controlfield tag="005">19950427000000.0</controlfield>
   <controlfield tag="008">950425s1995    abca     b    001 0 eng  </controlfield>
   <datafield tag="016" ind1=" " ind2=" ">
      <subfield code="a">959004580</subfield>
   </datafield>
   <datafield tag="020" ind1=" " ind2=" ">
      <subfield code="a">0969935501 :</subfield>
      <subfield code="c">$24.95</subfield>
   </datafield>
   <datafield tag="035" ind1=" " ind2=" ">
      <subfield code="a">ocm32547474</subfield>
   </datafield>
   <datafield tag="040" ind1=" " ind2=" ">
      <subfield code="a">CaOONL</subfield>
      <subfield code="b">eng</subfield>
      <subfield code="c">CaOONL</subfield>
      <subfield code="d">AEU</subfield>
      <subfield code="d">AEEN</subfield>
   </datafield>
   <datafield tag="040" ind1=" " ind2=" ">
      <subfield code="b">eng</subfield>
      <subfield code="d">AVC</subfield>
   </datafield>
   <datafield tag="055" ind1="0" ind2="2">
      <subfield code="a">QL737*</subfield>
   </datafield>
   <datafield tag="082" ind1="0" ind2=" ">
      <subfield code="a">599.73/58</subfield>
      <subfield code="2">20</subfield>
   </datafield>
   <datafield tag="090" ind1=" " ind2=" ">
      <subfield code="a">599.643 MAC</subfield>
      <subfield code="b">AEVC</subfield>
   </datafield>
   <datafield tag="090" ind1=" " ind2=" ">
      <subfield code="a">QL 737 U53 M157 1995</subfield>
      <subfield code="b">AEED</subfield>
   </datafield>
   <datafield tag="090" ind1=" " ind2=" ">
      <subfield code="a">QL 737 U53 M334 1995</subfield>
      <subfield code="b">ARDC</subfield>
   </datafield>
   <datafield tag="090" ind1=" " ind2=" ">
      <subfield code="a">QL 737 .U5 M3 1995</subfield>
      <subfield code="b">GPRC</subfield>
   </datafield>
   <datafield tag="090" ind1=" " ind2=" ">
      <subfield code="a">QL 737 U53 M142 1995</subfield>
      <subfield code="b">AEU</subfield>
   </datafield>
   <datafield tag="090" ind1=" " ind2=" ">
      <subfield code="a">QL 737 U53 M32 1995</subfield>
      <subfield code="b">AEEN</subfield>
   </datafield>
   <datafield tag="090" ind1=" " ind2=" ">
      <subfield code="a">599.7358 MacE</subfield>
      <subfield code="b">AFFC</subfield>
   </datafield>
   <datafield tag="090" ind1=" " ind2=" ">
      <subfield code="a">QL 737 U53 M142 1995</subfield>
      <subfield code="b">AEC</subfield>
   </datafield>
   <datafield tag="090" ind1=" " ind2=" ">
      <subfield code="a">QL 737 U53 M142 1995</subfield>
      <subfield code="b">ACAL</subfield>
   </datafield>
   <datafield tag="090" ind1=" " ind2=" ">
      <subfield code="a">QL 737 U53 M255 1995</subfield>
      <subfield code="b">ACHCU</subfield>
   </datafield>
   <datafield tag="090" ind1=" " ind2=" ">
      <subfield code="a">QL 737 U53 M142 1995</subfield>
      <subfield code="b">AEEN</subfield>
   </datafield>
   <datafield tag="090" ind1=" " ind2=" ">
      <subfield code="a">QL 737 U53 M255 1995</subfield>
      <subfield code="b">AVC</subfield>
   </datafield>
   <datafield tag="090" ind1=" " ind2=" ">
      <subfield code="a">QL 737 .U53 M142 1995</subfield>
      <subfield code="b">AFMK</subfield>
   </datafield>
   <datafield tag="090" ind1=" " ind2=" ">
      <subfield code="a">QL737 .U53 M142</subfield>
      <subfield code="b">AEGMCT</subfield>
   </datafield>
   <datafield tag="100" ind1="1" ind2=" ">
      <subfield code="a">MacEwan, Grant,</subfield>
      <subfield code="d">1902-2000.</subfield>
   </datafield>
   <datafield tag="240" ind1="0" ind2="0">
      <subfield code="a">Buffalo :</subfield>
      <subfield code="b">sacred and sacrificed /</subfield>
      <subfield code="c">Grant MacEwan.</subfield>
   </datafield>
   <datafield tag="245" ind1="1" ind2="0">
      <subfield code="a">Buffalo :</subfield>
      <subfield code="b">sacred and sacrificed /</subfield>
      <subfield code="c">Grant MacEwan.</subfield>
   </datafield>
   <datafield tag="250" ind1=" " ind2=" ">
      <subfield code="a">1st ed.</subfield>
   </datafield>
   <datafield tag="260" ind1=" " ind2=" ">
      <subfield code="a">Edmonton :</subfield>
      <subfield code="b">Alberta Sport, Recreation, Parks and Wildlife Foundation,</subfield>
      <subfield code="c">1995.</subfield>
   </datafield>
   <datafield tag="300" ind1=" " ind2=" ">
      <subfield code="a">208 p. :</subfield>
      <subfield code="b">ill. ;</subfield>
      <subfield code="c">26 cm.</subfield>
   </datafield>
   <datafield tag="336" ind1=" " ind2=" ">
      <subfield code="a">text</subfield>
      <subfield code="b">txt</subfield>
      <subfield code="2">rdacontent</subfield>
   </datafield>
   <datafield tag="337" ind1=" " ind2=" ">
      <subfield code="a">unmediated</subfield>
      <subfield code="b">n</subfield>
      <subfield code="2">rdamedia</subfield>
   </datafield>
   <datafield tag="338" ind1=" " ind2=" ">
      <subfield code="a">volume</subfield>
      <subfield code="b">nc</subfield>
      <subfield code="2">rdacarrier</subfield>
   </datafield>
   <datafield tag="504" ind1=" " ind2=" ">
      <subfield code="a">Includes bibliographical references and index.</subfield>
   </datafield>
   <datafield tag="590" ind1=" " ind2=" ">
      <subfield code="a">University of Alberta copy in the Ralph B. Young Western Canadian Collection.</subfield>
   </datafield>
   <datafield tag="590" ind1=" " ind2=" ">
      <subfield code="a">University of Alberta copy in the Schloss Collection of Modern Literature.</subfield>
      <subfield code="5">CaAEU</subfield>
   </datafield>
   <datafield tag="596" ind1=" " ind2=" ">
      <subfield code="a">2 8 16 21 23 28 29 35 38 48 53 54 55 56</subfield>
   </datafield>
   <datafield tag="650" ind1=" " ind2="0">
      <subfield code="a">American bison</subfield>
      <subfield code="x">History.</subfield>
   </datafield>
   <datafield tag="710" ind1="2" ind2=" ">
      <subfield code="a">Alberta Sport, Recreation, Parks and Wildlife Foundation.</subfield>
   </datafield>
   <datafield tag="949" ind1=" " ind2=" ">
      <subfield code="i">33862000454805</subfield>
      <subfield code="j">1</subfield>
      <subfield code="n">3</subfield>
      <subfield code="p">20.00</subfield>
      <subfield code="h">NORQM-B</subfield>
      <subfield code="m">NORQ_WEST</subfield>
   </datafield>
   <datafield tag="926" ind1=" " ind2=" ">
      <subfield code="a">AGL_CAP</subfield>
      <subfield code="b">ON_SHELF</subfield>
      <subfield code="c">QL 737 U53 M142 1995</subfield>
      <subfield code="d">BOOK</subfield>
      <subfield code="f">1</subfield>
   </datafield>
   <datafield tag="926" ind1=" " ind2=" ">
      <subfield code="a">AGL_CAP</subfield>
      <subfield code="b">ON_SHELF</subfield>
      <subfield code="c">QL 737 U53 M157 1995</subfield>
      <subfield code="d">BOOK</subfield>
      <subfield code="f">1</subfield>
   </datafield>
   <datafield tag="926" ind1=" " ind2=" ">
      <subfield code="a">AGL_CAP</subfield>
      <subfield code="b">CHECKEDOUT</subfield>
      <subfield code="c">QL 737 U53 M32 1995</subfield>
      <subfield code="d">LOCAL_LOAN</subfield>
      <subfield code="e">4/30/2030</subfield>
      <subfield code="f">1</subfield>
   </datafield>
   <datafield tag="926" ind1=" " ind2=" ">
      <subfield code="a">KEYANO</subfield>
      <subfield code="b">ON_SHELF</subfield>
      <subfield code="c">QL 737 .U53 M142 1995</subfield>
      <subfield code="d">BOOK</subfield>
      <subfield code="f">1</subfield>
   </datafield>
   <datafield tag="926" ind1=" " ind2=" ">
      <subfield code="a">UAAUG</subfield>
      <subfield code="b">ON_SHELF</subfield>
      <subfield code="c">QL 737 U53 M142 1995</subfield>
      <subfield code="d">BOOK</subfield>
      <subfield code="f">1</subfield>
   </datafield>
   <datafield tag="926" ind1=" " ind2=" ">
      <subfield code="a">CONCORDIA</subfield>
      <subfield code="b">ON_SHELF</subfield>
      <subfield code="c">QL 737 U53 M142 1995</subfield>
      <subfield code="d">BOOK</subfield>
      <subfield code="f">1</subfield>
   </datafield>
   <datafield tag="926" ind1=" " ind2=" ">
      <subfield code="a">BURMAN</subfield>
      <subfield code="b">ON_SHELF</subfield>
      <subfield code="c">QL 737 .U53 M255 1995</subfield>
      <subfield code="d">BOOK</subfield>
      <subfield code="f">1</subfield>
   </datafield>
   <datafield tag="926" ind1=" " ind2=" ">
      <subfield code="a">GPRC_GP</subfield>
      <subfield code="b">ON_SHELF</subfield>
      <subfield code="c">QL 737 .U5 M3 1995</subfield>
      <subfield code="d">BOOK</subfield>
      <subfield code="f">1</subfield>
   </datafield>
   <datafield tag="926" ind1=" " ind2=" ">
      <subfield code="a">GR_MACEWAN</subfield>
      <subfield code="b">ON_SHELF</subfield>
      <subfield code="c">QL737 .U53 M142</subfield>
      <subfield code="d">BOOK</subfield>
      <subfield code="f">1</subfield>
   </datafield>
   <datafield tag="926" ind1=" " ind2=" ">
      <subfield code="a">GR_MACEWAN</subfield>
      <subfield code="b">ON_SHELF</subfield>
      <subfield code="c">QL737 .U53 M142</subfield>
      <subfield code="d">BOOK</subfield>
      <subfield code="f">1</subfield>
   </datafield>
   <datafield tag="926" ind1=" " ind2=" ">
      <subfield code="a">RED_DEER_C</subfield>
      <subfield code="b">FLOOR_2</subfield>
      <subfield code="c">QL 737 U53 M334 1995</subfield>
      <subfield code="d">BOOK</subfield>
      <subfield code="f">1</subfield>
   </datafield>
   <datafield tag="926" ind1=" " ind2=" ">
      <subfield code="a">UABARD</subfield>
      <subfield code="b">ON_SHELF</subfield>
      <subfield code="c">QL 737 U53 M142 1995</subfield>
      <subfield code="d">BOOK</subfield>
      <subfield code="f">3</subfield>
   </datafield>
   <datafield tag="926" ind1=" " ind2=" ">
      <subfield code="a">UABARD</subfield>
      <subfield code="b">ON_SHELF</subfield>
      <subfield code="c">QL 737 U53 M142 1995</subfield>
      <subfield code="d">NO_LOAN</subfield>
      <subfield code="f">4</subfield>
   </datafield>
   <datafield tag="926" ind1=" " ind2=" ">
      <subfield code="a">UASCITECH</subfield>
      <subfield code="b">POLAR</subfield>
      <subfield code="c">QL 737 U53 M142 1995</subfield>
      <subfield code="d">BOOK</subfield>
      <subfield code="f">1</subfield>
   </datafield>
   <datafield tag="926" ind1=" " ind2=" ">
      <subfield code="a">UASCITECH</subfield>
      <subfield code="b">POLAR</subfield>
      <subfield code="c">QL 737 U53 M142 1995</subfield>
      <subfield code="d">BOOK</subfield>
      <subfield code="f">2</subfield>
   </datafield>
   <datafield tag="926" ind1=" " ind2=" ">
      <subfield code="a">LAKELND_VR</subfield>
      <subfield code="b">ON_SHELF</subfield>
      <subfield code="c">QL 737 U53 M255 1995</subfield>
      <subfield code="d">BOOK</subfield>
      <subfield code="f">1</subfield>
   </datafield>
   <datafield tag="926" ind1=" " ind2=" ">
      <subfield code="a">LAKELND_VR</subfield>
      <subfield code="b">ON_SHELF</subfield>
      <subfield code="c">QL 737 U53 M255 1995</subfield>
      <subfield code="d">BOOK</subfield>
      <subfield code="f">2</subfield>
   </datafield>
   <datafield tag="926" ind1=" " ind2=" ">
      <subfield code="a">LAKELND_VR</subfield>
      <subfield code="b">ON_SHELF</subfield>
      <subfield code="c">QL 737 U53 M255 1995</subfield>
      <subfield code="d">BOOK</subfield>
      <subfield code="f">3</subfield>
   </datafield>
   <datafield tag="926" ind1=" " ind2=" ">
      <subfield code="a">GPRC_FRVW</subfield>
      <subfield code="b">ON_SHELF</subfield>
      <subfield code="c">599.7358 MacE</subfield>
      <subfield code="d">BOOK</subfield>
      <subfield code="f">1</subfield>
   </datafield>
   <datafield tag="926" ind1=" " ind2=" ">
      <subfield code="a">GR_MAC_ACC</subfield>
      <subfield code="b">ON_SHELF</subfield>
      <subfield code="c">QL737 .U53 M142</subfield>
      <subfield code="d">BOOK</subfield>
      <subfield code="f">1</subfield>
   </datafield>
   <datafield tag="926" ind1=" " ind2=" ">
      <subfield code="a">GR_MAC_CAC</subfield>
      <subfield code="b">ON_SHELF</subfield>
      <subfield code="c">QL737 .U53 M142</subfield>
      <subfield code="d">BOOK</subfield>
      <subfield code="f">1</subfield>
   </datafield>
</record>
